<record><leader>00000cas a2200000 a 4500</leader><controlfield tag="001">33272496</controlfield><controlfield tag="008">951011d192919uufluwr ne      0    0eng c</controlfield><datafield ind1=" " ind2=" " tag="010"><subfield code="a">sn 95026775 </subfield></datafield><datafield ind1=" " ind2=" " tag="040"><subfield code="a">FUG</subfield><subfield code="b">eng</subfield><subfield code="c">FUG</subfield><subfield code="d">OCLCQ</subfield><subfield code="d">OCLCF</subfield><subfield code="d">OCLCO</subfield></datafield><datafield ind1=" " ind2=" " tag="012"><subfield code="i">9510</subfield></datafield><datafield ind1="1" ind2=" " tag="029"><subfield code="a">AU@</subfield><subfield code="b">000025893160</subfield></datafield><datafield ind1=" " ind2=" " tag="042"><subfield code="a">pcc</subfield></datafield><datafield ind1=" " ind2=" " tag="043"><subfield code="a">n-us-fl</subfield></datafield><datafield ind1="0" ind2="4" tag="245"><subfield code="a">The Key West over-sea Sunday star.</subfield></datafield><datafield ind1="1" ind2="7" tag="246"><subfield code="a">Key West Sunday star</subfield></datafield><datafield ind1=" " ind2=" " tag="260"><subfield code="a">Key West, Fla. :</subfield><subfield code="b">Monroe County Print. Co.,</subfield><subfield code="c">1929-</subfield></datafield><datafield ind1=" " ind2=" " tag="300"><subfield code="a">v. :</subfield><subfield code="b">ill. ;</subfield><subfield code="c">56 cm.</subfield></datafield><datafield ind1=" " ind2=" " tag="310"><subfield code="a">Weekly</subfield></datafield><datafield ind1="1" ind2=" " tag="362"><subfield code="a">Vol. 1, no. 2 (July 14, 1929)-</subfield></datafield><datafield ind1=" " ind2=" " tag="500"><subfield code="a">Editor: Lon Burton, 1929- ; Stephen Cochran Singleton, &lt;1936&gt;.</subfield></datafield><datafield ind1=" " ind2=" " tag="530"><subfield code="a">Also issued on microfilm from the University of Florida.</subfield></datafield><datafield ind1=" " ind2=" " tag="588"><subfield code="a">Latest issue consulted: Vol. 7, no. 41 (Apr. 12, 1936).</subfield></datafield><datafield ind1=" " ind2="0" tag="651"><subfield code="a">Key West (Fla.)</subfield><subfield code="v">Newspapers.</subfield></datafield><datafield ind1=" " ind2="0" tag="651"><subfield code="a">Monroe County (Fla.)</subfield><subfield code="v">Newspapers.</subfield></datafield><datafield ind1=" " ind2="7" tag="655"><subfield code="a">Newspapers.</subfield><subfield code="2">fast</subfield><subfield code="0">(OCoLC)fst01423814</subfield></datafield><datafield ind1=" " ind2="7" tag="651"><subfield code="a">Florida</subfield><subfield code="z">Key West.</subfield><subfield code="2">fast</subfield><subfield code="0">(OCoLC)fst01207829</subfield></datafield><datafield ind1=" " ind2="7" tag="651"><subfield code="a">Florida</subfield><subfield code="z">Monroe County.</subfield><subfield code="2">fast</subfield><subfield code="0">(OCoLC)fst01217770</subfield></datafield><datafield ind1=" " ind2=" " tag="752"><subfield code="a">United States</subfield><subfield code="b">Florida</subfield><subfield code="c">Monroe</subfield><subfield code="d">Key West.</subfield></datafield><datafield ind1="1" ind2=" " tag="776"><subfield code="c">Microfilm</subfield><subfield code="d">George A. Smathers Libraries, University of Florida</subfield><subfield code="w">(DLC)sn 96027690</subfield><subfield code="w">(OCoLC)35523305</subfield></datafield><datafield ind1="0" ind2="0" tag="780"><subfield code="t">Key West Sunday morning star</subfield><subfield code="w">(DLC)sn 97027752</subfield><subfield code="w">(OCoLC)36845005</subfield></datafield><datafield ind1=" " ind2=" " tag="850"><subfield code="a">FU</subfield></datafield></record>